
@misc{google23,
author = {Google Developers},
title = {Progressive Web Apps},
url = {https://developers.google.com/web/progressive-web-apps/},
year = {2023}
}
@misc{mdn_js13kgames_offline_service_workers,
  author = {MDN Web Docs},
  title = {Making PWAs work offline with Service Workers},
  url = {https://developer.mozilla.org/en-US/docs/Web/Progressive_web_apps/Tutorials/js13kGames/Offline_Service_workers},
  date = {accessed 2024-04-17}
}
@misc{chodubski2022_react_pwa_offline,
  author = {Chodubski, Jacob},
  title = {Progressive Web Apps with React.js: Part 3 â€” Offline support and network resilience},
  url = {https://medium.com/@jacobchodubski/about-offline-mode-in-your-pwa-app-49da806dbe9d},
  date = {accessed 2024-04-17}
}

@misc{kouassi2021_pwa_cache_offline,
  author = {Kouassi, Louis Japheth},
  title = {PWA cache with network and offline mode},
  url = {https://medium.com/@louisjaphethkouassi/make-your-pwa-work-offline-with-a-service-worker-f95f16d93029},
  date = {accessed 2024-04-17}
}

@misc{mdn_pwa_offline_background,
  author = {MDN Web Docs},
  title = {Offline and background operation - Progressive web apps},
  url = {https://developer.mozilla.org/en-US/docs/Web/Progressive_web_apps/Guides/What_is_a_progressive_web_app},
  date = {accessed 2024-04-17}
}
@misc{stackoverflow_pwa_offline_cache,
  author = {},
  title = {PWA offline mode not loading from cache on mobile browsers},
  url = {https://stackoverflow.com/questions/56171281/pwa-offline-mode-not-loading-from-cache-on-mobile-browsers},
  date = {accessed 2024-04-17}
}
