
@misc{google23,
author = {Google Developers},
title = {Progressive Web Apps},
url = {https://developers.google.com/web/progressive-web-apps/},
year = {2023}
}

@misc{jakearchibald14,
author = {Jake Archibald},
title = {The Offline Cookbook},
url = {https://jakearchibald.com/2014/offline-cookbook/},
year = {2014}
}

@misc{serviceworker,
author = {Google Developers},
title = {Service Workers},
url = {https://developers.google.com/web/fundamentals/primers/service-workers/},
year = {2023}
}

@misc{cacheapi,
author = {Mozilla Developer Network},
title = {The Cache API},
url = {https://developer.mozilla.org/en-US/docs/Web/API/Cache},
year = {2023}
}