@misc{google23,
    author = {Google Developers},
    title = {Progressive web apps},
    url = {https://developers.google.com/web/progressive-web-apps},
    howpublished ={Documento web},
    year = {2023},
    month = jul,
    day = 20
}
@misc{mozilla23,
 author  = {Mozilla Developer Network},
 title  = {Progressive web apps},
 howpublished = {Documento web},
 year   = 2023,
 month  = 7,
 day   = 20,
 url   = {https://developer.mozilla.org/en-US/docs/Web/Progressive_web_apps}
}
