@misc{google23,
  author = {Google Developers},
  title = {Progressive web apps},
  url = {https://developers.google.com/web/progressive-web-apps},
  howpublished ={Documento web},
  year = {2023},
  month = jul,
  day = 20
}

@misc{mdn23,
  author = {Mozilla Developer Network},
  title = {Progressive web apps},
  url = {https://developer.mozilla.org/en-US/docs/Web/Progressive_web_apps},
  howpublished ={Documento web},
  year = {2023},
  month = jul,
  day = 20
}

@misc{w3c23,
  author = {W3C},
  title = {Web app manifest},
  url = {https://www.w3.org/TR/appmanifest/},
  howpublished ={Documento web},
  year = {2023},
  month = jul,
  day = 20
}