@misc{google23,
    author = {Google Developers},
    title = {Progressive web apps},
    url = {https://developers.google.com/web/progressive-web-apps},
    howpublished ={Documento web},
    year = {2023},
    month = jul,
    day = 20
}
@misc{mozilla23,
 author  = {Mozilla Developer Network},
 title  = {Progressive web apps},
 howpublished = {Documento web},
 year   = 2023,
 month  = 7,
 day   = 20,
 url   = {https://developer.mozilla.org/en-US/docs/Web/Progressive_web_apps}
}
 @misc{w3c23,
author = {W3C},
title = {Service Workers},
url = {https://www.w3.org/TR/service-workers/},
year = {2023},
month = jul,
day = 20
}
@misc{jakearchibald23,
author = {Jake Archibald},
title = {ServiceWorker Cookbook},
url = {[se quit칩 una URL no v치lida]},
year = {2023},
month = jul,
day = 20
}
@misc{html5rocks23,
author = {HTML5 Rocks},
title = {Service Workers: an introduction},
url = {[se quit칩 una URL no v치lida]},
year = {2023},
month = jul,
day = 20
}